@book{silverman2008introduction,
  title={An introduction to mathematical cryptography},
  author={Silverman, Joseph H and Pipher, Jill and Hoffstein, Jeffrey},
  volume={1},
  year={2008},
  publisher={Springer}
}

@article{coppersmith1994solving,
  title={Solving homogeneous linear equations over GF (2) via block Wiedemann algorithm},
  author={Coppersmith, Don},
  journal={Mathematics of Computation},
  volume={62},
  number={205},
  pages={333--350},
  year={1994}
}

@article{li2021empirical,
  title={An Empirical Comparison of the Quadratic Sieve Factoring Algorithm and the Pollard Rho Factoring Algorithm},
  author={Li, Zongxia and Gasarch, William},
  journal={arXiv preprint arXiv:2111.02967},
  year={2021}
}

@inproceedings{buhler1993factoring,
  title={Factoring integers with the number field sieve},
  author={Buhler, Joe P and Lenstra, Hendrik W and Pomerance, Carl},
  booktitle={The development of the number field sieve},
  pages={50--94},
  year={1993},
  organization={Springer}
}

@article{silverman1987multiple,
  title={The multiple polynomial quadratic sieve},
  author={Silverman, Robert D},
  journal={Mathematics of Computation},
  volume={48},
  number={177},
  pages={329--339},
  year={1987}
}

@article{landquist2001quadratic,
  title={The quadratic sieve factoring algorithm},
  author={Landquist, Eric},
  journal={Math},
  volume={488},
  pages={1--11},
  year={2001}
}

@phdthesis{sutherland2007order,
  title={Order computations in generic groups},
  author={Sutherland, Andrew V},
  year={2007},
  school={Massachusetts Institute of Technology}
}